@INPROCEEDINGS{Baek2015MonoCameraBlindSpot,  
	author={Baek, Jang Woon and Lee, Eunryung and Park, Mi-Ryung and Seo, Dae-Wha},  booktitle={2015 Seventh International Conference on Ubiquitous and Future Networks},   
	title={Mono-camera based side vehicle detection for blind spot detection systems},   
	year={2015},  
	volume={},  
	number={},  
	pages={147-149},  
	doi={10.1109/ICUFN.2015.7182522}
}

@INPROCEEDINGS{ChenCT2009BlindSpot,
	author={Chen, C.T. and Chen, Y.S.},
	booktitle={2009 12th International IEEE Conference on Intelligent Transportation Systems}, 
	title={Real-time approaching vehicle detection in blind-spot area}, 
	year={2009},
	volume={},
	number={},
	pages={1-6},
	doi={10.1109/ITSC.2009.5309876}
}

@INPROCEEDINGS{ChenXiao2009UltrasonicDistance,
	author={Chen, Xiao and Wu, Chenliang},
	booktitle={2009 Third International Symposium on Intelligent Information Technology Application}, 
	title={Ultrasonic Distance Measurement Based on Infrared Communication Technology}, 
	year={2009},
	volume={1},
	number={},
	pages={264-267},
	doi={10.1109/IITA.2009.243}}

@INPROCEEDINGS{Ewald2000LaserObstacle,
	author={Ewald, A. and Willhoeft, V.},
	booktitle={Proceedings of the IEEE Intelligent Vehicles Symposium 2000 (Cat. No.00TH8511)}, 
	title={Laser scanners for obstacle detection in automotive applications}, 
	year={2000},
	volume={},
	number={},
	pages={682-687},
	doi={10.1109/IVS.2000.898427}
}

@ARTICLE{Kuo2017RadarBlindSpot,
	author={Kuo, Chia-Hsu and Lin, Chun-Cheng and Sun, Jow-Shiun},
	journal={IEEE Antennas and Wireless Propagation Letters}, 
	title={Modified Microstrip Franklin Array Antenna for Automotive Short-Range Radar Application in Blind Spot Information System}, 
	year={2017},
	volume={16},
	number={},
	pages={1731-1734},
	doi={10.1109/LAWP.2017.2670231}}

@INPROCEEDINGS{Ma2015Radar,
	author={Ma, Yu-Zhen and Cui, Chenglin and Kim, Byung-Sung and Joo, Jeong-Min and Jeon, Seung Hoon and Nam, Sangwook},
	booktitle={2015 European Radar Conference (EuRAD)}, 
	title={Road clutter spectrum of BSD FMCW automotive radar}, 
	year={2015},
	volume={},
	number={},
	pages={109-112},
	doi={10.1109/EuRAD.2015.7346249}}

@INPROCEEDINGS{Mahapatra2008UltrasonicBlindSpot,
	author={Mahapatra, R. P. and Kumar, K. Vimal and Khurana, Gaurav and Mahajan, Roopam},
	booktitle={2008 International Conference on Advanced Computer Theory and Engineering}, 
	title={Ultra Sonic Sensor Based Blind Spot Accident Prevention System}, 
	year={2008},
	volume={},
	number={},
	pages={992-995},
	doi={10.1109/ICACTE.2008.165}}

@INPROCEEDINGS{Mangla2021CameraMonitor,
	author={Mangla, Mayank and Hua, Gang and Mody, Mihir and Jadav, Brijesh and Chitnis, Kedar and Pande, Tarkesh and Baranwal, Ankur and Jones, Jason and Shurtz, Gregory and Shankar, Abhishek and Govindarajan, Sriramakrishnan and Jagannathan, Shyam and A, Prithvi Shankar Y and Dhande, Vivek},
	booktitle={2021 IEEE International Conference on Consumer Electronics (ICCE)}, 
	title={Optimal CMS System on TDA3 Processor}, 
	year={2021},
	volume={},
	number={},
	pages={1-4},
	doi={10.1109/ICCE50685.2021.9427597}}

@INPROCEEDINGS{Mody2018CameraMonitor,
	author={Mody, Mihir and Chitnis, Kedar and Goswami, Piyali and Jada, Brijesh and Sivasankaran, Shiju and Shurtz, Gregory and Sagar, Rajat and Armstrong, Abhinay and Dabral, Shashank and Jondhale, Prasad and Dutt, Yashwant and Jones, Jason},
	booktitle={2018 31st IEEE International System-on-Chip Conference (SOCC)}, 
	title={Integrated Surround  amp; CMS Automotive SoC}, 
	year={2018},
	volume={},
	number={},
	pages={318-321},
	doi={10.1109/SOCC.2018.8618518}}

@article{Murata2018ReplaceMirror,
	title={Effectiveness of replacement of automotive side mirrors by in-vehicle LCD--Effect of location and size of LCD on safety and efficiency--},
	author={Murata, Atsuo and Kohno, Yuki},
	journal={International journal of industrial ergonomics},
	volume={66},
	pages={177--186},
	year={2018},
	publisher={Elsevier}
}

@INPROCEEDINGS{Tsai2018StereoVision,
	author={Tsai, Yi-Chin and Chen, Kuan-Hung and Chen, Yun and Cheng, Jih-Hsiang},
	booktitle={2018 International Symposium on VLSI Design, Automation and Test (VLSI-DAT)}, 
	title={Accurate and fast obstacle detection method for automotive applications based on stereo vision}, 
	year={2018},
	volume={},
	number={},
	pages={1-4},
	doi={10.1109/VLSI-DAT.2018.8373249}
}

@ARTICLE{Petermeijer2015Haptic,  
	author={Petermeijer, Sebastiaan M. and Abbink, David A. and Mulder, Mark and de Winter, Joost C. F.},  
	journal={IEEE Transactions on Haptics},   
	title={The Effect of Haptic Support Systems on Driver Performance: A Literature Survey},  
	year={2015},  
	volume={8},  
	number={4},  
	pages={467-479},  
	doi={10.1109/TOH.2015.2437871}
}

@INPROCEEDINGS{ChenXiao2009Parking,
	author={Xiao Chen},
	booktitle={2009 International Conference on Industrial Mechatronics and Automation}, 
	title={Reversing radar system based on CAN bus}, 
	year={2009},
	volume={},
	number={},
	pages={162-165},
	doi={10.1109/ICIMA.2009.5156585}}

@book{Winner2015Fahrerassistenz,
	doi = {10.1007/978-3-658-05734-3},
	year = 2015,
	publisher = {Springer Fachmedien Wiesbaden},
	editor = {Hermann Winner and Stephan Hakuli and Felix Lotz and Christina Singer},
	title = {Handbuch Fahrerassistenzsysteme}
}

@misc{Sparkfun2022Sensor, 
	title={Ultrasonic distance sensor - HC-SR04},
	url={https://www.sparkfun.com/products/15569}, 
	author={SparkFun Electronics}} 

@misc{APG2022Sensor, 
	title={IRU-3430 Ultrasonic Level Sensor},
	url={https://www.apgsensors.com/sites/default/files/datasheets/IRU-3430.pdf},
	author={Automation Products Group, Inc.}} 

@INPROCEEDINGS{Xu2014Doppler,
	author={Xu, Chengfa and Daniel, Liam and Hoare, Edward and Sizov, Vladimir and Cherniakov, Mikhail},
	booktitle={2014 11th European Radar Conference}, 
	title={Comparison of speed over ground estimation using acoustic and radar Doppler sensors}, 
	year={2014},
	volume={},
	number={},
	pages={189-192},
	doi={10.1109/EuRAD.2014.6991239}}

@INPROCEEDINGS{Zhaohua2020RadarLidar,
	author={Zhaohua, Liu and Bochao, Gao},
	booktitle={2020 5th International Conference on Electromechanical Control Technology and Transportation (ICECTT)}, 
	title={Radar Sensors in Automatic Driving Cars}, 
	year={2020},
	volume={},
	number={},
	pages={239-242},
	doi={10.1109/ICECTT50890.2020.00061}}

@INPROCEEDINGS{Kazazi2015HeadUpDisplay,
	author={Kazazi, Juela and Winkler, Susann and Vollrath, Mark},
	booktitle={2015 IEEE 18th International Conference on Intelligent Transportation Systems},
	title={Accident Prevention through Visual Warnings: How to Design Warnings in Head-up Display for Older and Younger Drivers}, 
	year={2015},
	volume={},
	number={},
	pages={1028-1034},
	doi={10.1109/ITSC.2015.171}}

@INPROCEEDINGS{Sato2008SoundWarnings,
	author={Toshihisa Sato and Motoyuki Akamatsu},
	booktitle={2008 SICE Annual Conference}, 
	title={Preliminary study on driver acceptance of multiple warnings while driving on highway}, 
	year={2008},
	volume={},
	number={},
	pages={872-877},
	doi={10.1109/SICE.2008.4654777}}
